@phdthesis{murphy2008modal,
  author = {Murphy, VII, Tom},
  title = {Modal Types for Mobile Code},
  month = {January},
  year = {2008},
  school = {Carnegie Mellon},
  note = {Available as technical report CMU-CS-08-126},
  url = {http://tom7.org/papers/}
}

@inproceedings{bentonwadler96adjoint,
  author = {Benton, N. and Wadler, P.},
  title = {Linear logic, monads, and the lambda calculus},
  booktitle = {11th Annual IEEE Symposium on Logic in Computer Science},
  year = {1996}
}

@Comment FIXME wrong format
@misc{leroyzam05,
  author = {Leroy, Xavier},
  title = {From {Krivine}'s machine to the {Caml} implementations},
  year = {2005},
  howpublished = {Invited talk given at the KAZAM workshop},
  url = {http://gallium.inria.fr/~xleroy/talks/zam-kazam05.pdf}
}

@article{cam87,
  author = {Cousineau G. and Curien P.-L. and Mauny M.},
  title = {The Categorical Abstract Machine},
  journal = {Science of Computer Programming},
  year = {1987},
  volume = {8},
  pages = {173-202}
}
